date,customer_id,order_id,age_group,region,gender,brand,category,sales,
1/1/22,1,1,35-39,NY,F,A,Eyeliner,0.93,
1/1/22,2,182,35-39,NY,F,D,Highlighter,19.31,
1/1/22,3,363,35-39,NY,F,A,Hair Care,54.98,
1/1/22,4,544,35-39,NY,F,A,Foundation,76.25,
1/2/22,5,2,35-39,NY,F,C,Eyeliner,3.42,
1/2/22,6,183,35-39,NY,F,D,Highlighter,66.81,
1/2/22,7,364,35-39,NY,F,A,Hair Care,57.90,
1/2/22,8,545,35-39,NY,F,A,Foundation,42.81,
1/3/22,9,3,35-39,NY,F,C,Eyeliner,36.63,
1/3/22,10,184,35-39,NY,F,D,Highlighter,74.21,
1/3/22,11,365,35-39,NY,F,A,Hair Care,22.58,
1/3/22,12,546,35-39,NY,F,A,Foundation,97.05,
1/4/22,13,4,35-39,NY,F,C,Eyeliner,44.62,
1/4/22,14,185,35-39,NY,F,D,Eyeshadow,96.11,
1/4/22,15,366,35-39,NY,F,A,Hair Care,95.28,
1/4/22,16,547,35-39,NY,F,A,Foundation,46.33,
1/5/22,17,5,35-39,NY,F,C,Eyeliner,6.22,
1/5/22,18,186,35-39,NY,F,D,Eyeshadow,36.78,
1/5/22,19,367,35-39,NY,F,A,Hair Care,26.10,
1/5/22,20,548,35-39,NY,F,A,Foundation,34.83,
1/6/22,21,6,35-39,NY,F,C,Eyeliner,31.75,
1/6/22,22,187,35-39,NY,F,D,Eyeshadow,23.54,
1/6/22,23,368,35-39,NY,F,A,Hair Care,20.41,
1/6/22,24,549,35-39,NY,F,A,Foundation,8.19,
1/7/22,25,7,35-39,NY,F,C,Eyeliner,49.18,
1/7/22,26,188,35-39,NY,F,D,Eyeshadow,93.82,
1/7/22,27,369,35-39,NY,F,A,Hair Care,52.79,
1/7/22,28,550,35-39,NY,F,A,Foundation,55.07,
1/8/22,29,8,35-39,NY,F,C,Eyeliner,42.20,
1/8/22,30,189,35-39,NY,F,D,Eyeshadow,34.27,
1/8/22,31,370,35-39,NY,F,A,Hair Care,11.27,
1/8/22,32,551,35-39,NY,F,A,Foundation,10.87,
1/9/22,33,9,35-39,NY,F,C,Eyeliner,85.93,
1/9/22,34,190,35-39,NY,F,D,Eyeshadow,40.73,
1/9/22,35,371,35-39,NY,F,A,Hair Care,1.77,
1/9/22,36,552,35-39,NY,F,A,Foundation,92.65,
1/10/22,37,10,35-39,NY,F,C,Eyeliner,61.45,
1/10/22,38,191,35-39,NY,F,D,Eyeshadow,12.50,
1/10/22,39,372,35-39,NY,F,A,Hair Care,76.57,
1/10/22,40,553,35-39,NY,F,A,Foundation,20.08,
1/11/22,41,11,35-39,NY,F,C,Eyeliner,90.52,
1/11/22,42,192,35-39,NY,F,D,Eyeshadow,75.22,
1/11/22,43,373,35-39,NY,F,A,Hair Care,0.03,
1/11/22,44,554,35-39,NY,F,A,Foundation,19.84,
1/12/22,45,12,35-39,NY,F,C,Eyeliner,86.74,
1/12/22,46,193,35-39,NY,F,D,Eyeshadow,18.27,
1/12/22,47,374,35-39,NY,F,A,Hair Care,53.52,
1/12/22,48,555,35-39,NY,F,A,Foundation,32.59,
1/13/22,49,13,35-39,NY,F,C,Eyeliner,49.86,
1/13/22,50,194,35-39,NY,F,D,Eyeshadow,98.56,
1/13/22,51,375,35-39,NY,F,A,Hair Care,40.27,
1/13/22,52,556,35-39,NY,F,A,Foundation,75.26,
1/14/22,53,14,35-39,NY,F,C,Eyeliner,72.54,
1/14/22,54,195,35-39,NY,F,D,Eyeshadow,3.34,
1/14/22,55,376,35-39,NY,F,A,Hair Care,98.67,
1/14/22,56,557,35-39,NY,F,A,Foundation,94.89,
1/15/22,57,15,35-39,NY,F,C,Eyeliner,15.33,
1/15/22,58,196,35-39,NY,F,D,Eyeshadow,62.87,
1/15/22,59,377,35-39,NY,F,A,Hair Care,60.10,
1/15/22,60,558,35-39,NY,F,A,Foundation,71.60,
1/16/22,61,16,35-39,NY,F,C,Eyeliner,99.24,
1/16/22,62,197,35-39,NY,F,D,Eyeshadow,99.53,
1/16/22,63,378,35-39,NY,F,A,Hair Care,65.68,
1/16/22,64,559,35-39,NY,F,A,Foundation,40.65,
1/17/22,65,17,35-39,NY,F,C,Eyeliner,13.32,
1/17/22,66,198,35-39,NY,F,D,Eyeshadow,92.92,
1/17/22,67,379,35-39,NY,F,A,Hair Care,30.88,
1/17/22,68,560,35-39,NY,F,A,Foundation,58.45,
1/18/22,69,18,35-39,NY,F,C,Eyeliner,49.00,
1/18/22,1,199,35-39,NY,F,D,Eyeshadow,92.60,
1/18/22,2,380,35-39,NY,F,A,Hair Care,59.42,
1/18/22,3,561,35-39,NY,F,A,Foundation,84.27,
1/19/22,4,19,35-39,NY,F,C,Eyeliner,54.84,
1/19/22,5,200,35-39,NY,F,D,Eyeshadow,86.91,
1/19/22,6,381,35-39,NY,F,A,Hair Care,36.57,
1/19/22,7,562,35-39,NY,F,A,Foundation,75.50,
1/20/22,8,20,35-39,NY,F,C,Eyeliner,21.05,
1/20/22,9,201,35-39,NY,F,D,Eyeshadow,16.52,
1/20/22,10,382,35-39,NY,F,A,Hair Care,34.71,
1/20/22,11,563,35-39,NY,F,A,Foundation,96.25,
1/21/22,12,21,35-39,NY,F,C,Eyeliner,6.82,
1/21/22,13,202,35-39,NY,F,D,Eyeshadow,97.63,
1/21/22,14,383,35-39,NY,F,A,Hair Care,67.74,
1/21/22,15,564,35-39,NY,F,A,Foundation,77.16,
1/22/22,16,22,35-39,NY,F,C,Eyeliner,64.16,
1/22/22,17,203,35-39,NY,F,D,Eyeshadow,33.49,
1/22/22,18,384,35-39,NY,F,A,Hair Care,33.45,
1/22/22,19,565,35-39,NY,F,A,Foundation,84.71,
1/23/22,20,23,35-39,NY,F,C,Eyeliner,48.24,
1/23/22,21,204,35-39,NY,F,D,Eyeshadow,46.25,
1/23/22,22,385,35-39,NY,F,A,Hair Care,53.42,
1/23/22,23,566,35-39,NY,F,A,Foundation,20.14,
1/24/22,24,24,35-39,NY,F,C,Eyeliner,80.44,
1/24/22,25,205,35-39,NY,F,D,Eyeshadow,13.48,
1/24/22,26,386,35-39,NY,F,A,Hair Care,18.00,
1/24/22,27,567,35-39,NY,F,A,Foundation,72.77,
1/25/22,28,25,35-39,NY,F,C,Eyeliner,86.18,
1/25/22,29,206,35-39,NY,F,D,Eyeshadow,97.26,
1/25/22,30,387,35-39,NY,F,A,Hair Care,0.69,
1/25/22,31,568,35-39,NY,F,C,Foundation,29.20,
1/26/22,32,26,35-39,NY,F,C,Eyeliner,0.12,
1/26/22,33,207,35-39,NY,F,D,Eyeshadow,7.31,
1/26/22,34,388,35-39,NY,F,A,Hair Care,81.51,
1/26/22,35,569,35-39,NY,F,C,Foundation,15.78,
1/27/22,36,27,35-39,NY,F,C,Eyeliner,51.27,
1/27/22,37,208,35-39,NY,F,D,Eyeshadow,32.19,
1/27/22,38,389,35-39,NY,F,A,Hair Care,81.91,
1/27/22,39,570,35-39,NY,F,C,Foundation,42.51,
1/28/22,40,28,35-39,NY,F,C,Eyeliner,33.01,
1/28/22,41,209,35-39,NY,F,D,Eyeshadow,90.88,
1/28/22,42,390,35-39,NY,F,A,Hair Care,96.85,
1/28/22,43,571,35-39,NY,F,C,Foundation,47.54,
1/29/22,44,29,35-39,NY,F,C,Eyeliner,61.27,
1/29/22,45,210,35-39,NY,F,D,Eyeshadow,38.05,
1/29/22,46,391,35-39,NY,F,A,Hair Care,98.30,
1/29/22,47,572,35-39,NY,F,C,Foundation,91.84,
1/30/22,48,30,35-39,NY,F,C,Eyeliner,41.82,
1/30/22,49,211,35-39,NY,F,D,Eyeshadow,8.95,
1/30/22,50,392,35-39,NY,F,A,Hair Care,81.26,
1/30/22,51,573,35-39,NY,F,C,Foundation,34.67,
1/31/22,52,31,35-39,NY,F,C,Eyeliner,91.61,
1/31/22,53,212,35-39,NY,F,D,Eyeshadow,4.66,
1/31/22,54,393,35-39,NY,F,A,Hair Care,15.84,
1/31/22,55,574,35-39,NY,F,C,Foundation,74.05,
2/1/22,56,32,35-39,NY,F,C,Eyeliner,77.59,
2/1/22,57,213,35-39,NY,F,D,Eyeshadow,55.70,
2/1/22,58,394,35-39,NY,F,A,Hair Care,92.94,
2/1/22,59,575,35-39,NY,F,C,Foundation,94.11,
2/2/22,60,33,35-39,NY,F,C,Eyeliner,36.56,
2/2/22,61,214,35-39,NY,F,D,Eyeshadow,17.66,
2/2/22,62,395,35-39,NY,F,A,Hair Care,66.51,
2/2/22,63,576,35-39,NY,F,C,Foundation,40.48,
2/3/22,64,34,35-39,NY,F,C,Eyeliner,81.09,
2/3/22,65,215,35-39,NY,F,D,Eyeshadow,1.53,
2/3/22,66,396,35-39,NY,F,A,Hair Care,50.14,
2/3/22,67,577,35-39,NY,F,C,Foundation,84.55,
2/4/22,68,35,35-39,NY,F,C,Eyeliner,1.15,
2/4/22,69,216,35-39,NY,F,D,Eyeshadow,31.81,
2/4/22,1,397,35-39,NY,F,A,Hair Care,34.04,
2/4/22,2,578,35-39,NY,F,C,Foundation,43.29,
2/5/22,3,36,35-39,NY,F,C,Eyeliner,83.57,
2/5/22,4,217,35-39,NY,F,D,Eyeshadow,36.54,
2/5/22,5,398,35-39,NY,F,A,Hair Care,37.33,
2/5/22,6,579,35-39,NY,F,C,Foundation,57.56,
2/6/22,7,37,35-39,NY,F,C,Eyeliner,28.91,
2/6/22,8,218,35-39,NY,F,D,Eyeshadow,55.62,
2/6/22,9,399,35-39,NY,F,A,Hair Care,15.34,
2/6/22,10,580,35-39,NY,F,C,Foundation,12.83,
2/7/22,11,38,35-39,NY,F,C,Eyeliner,65.51,
2/7/22,12,219,35-39,NY,F,D,Eyeshadow,43.39,
2/7/22,13,400,35-39,NY,F,A,Hair Care,3.99,
2/7/22,14,581,35-39,NY,F,C,Foundation,47.07,
2/8/22,15,39,35-39,NY,F,C,Eyeliner,15.28,
2/8/22,16,220,35-39,NY,F,D,Eyeshadow,44.60,
2/8/22,17,401,35-39,NY,F,A,Hair Care,23.67,
2/8/22,18,582,35-39,NY,F,C,Foundation,71.99,
2/9/22,19,40,35-39,NY,F,C,Eyeliner,57.61,
2/9/22,20,221,35-39,NY,F,D,Eyeshadow,56.50,
2/9/22,21,402,35-39,NY,F,A,Hair Care,52.33,
2/9/22,22,583,35-39,NY,F,C,Foundation,53.79,
2/10/22,23,41,35-39,NY,F,C,Eyeliner,13.42,
2/10/22,24,222,35-39,NY,F,D,Eyeshadow,97.00,
2/10/22,25,403,35-39,NY,F,A,Hair Care,54.11,
2/10/22,26,584,35-39,NY,F,A,Foundation,53.87,
2/11/22,27,42,35-39,NY,F,C,Eyeliner,25.60,
2/11/22,28,223,35-39,NY,F,D,Eyeshadow,89.69,
2/11/22,29,404,35-39,NY,F,A,Hair Care,62.59,
2/11/22,30,585,35-39,NY,F,A,Foundation,70.46,
2/12/22,31,43,35-39,NY,F,C,Eyeliner,96.20,
2/12/22,32,224,35-39,NY,F,D,Eyeshadow,96.39,
2/12/22,33,405,35-39,NY,F,A,Hair Care,20.24,
2/12/22,34,586,35-39,NY,F,A,Foundation,58.62,
2/13/22,35,44,35-39,NY,F,C,Eyeliner,68.83,
2/13/22,36,225,35-39,NY,F,D,Eyeshadow,59.90,
2/13/22,37,406,35-39,NY,F,A,Hair Care,3.84,
2/13/22,38,587,35-39,NY,F,A,Foundation,77.09,
2/14/22,39,45,35-39,NY,F,C,Eyeliner,37.16,
2/14/22,40,226,35-39,NY,F,D,Eyeshadow,98.17,
2/14/22,41,407,35-39,NY,F,A,Hair Care,82.51,
2/14/22,42,588,35-39,NY,F,A,Foundation,41.83,
2/15/22,43,46,35-39,NY,F,C,Eyeliner,64.09,
2/15/22,44,227,35-39,NY,F,D,Eyeshadow,30.98,
2/15/22,45,408,35-39,NY,F,A,Hair Care,95.03,
2/15/22,46,589,35-39,NY,F,A,Foundation,55.87,
2/16/22,47,47,35-39,NY,F,C,Eyeliner,87.29,
2/16/22,48,228,35-39,NY,F,D,Eyeshadow,31.55,
2/16/22,49,409,35-39,NY,F,A,Hair Care,4.97,
2/16/22,50,590,35-39,NY,F,A,Foundation,79.85,
2/17/22,51,48,35-39,NY,F,C,Eyeliner,45.95,
2/17/22,52,229,35-39,NY,F,D,Eyeshadow,23.04,
2/17/22,53,410,35-39,NY,F,A,Hair Care,5.59,
2/17/22,54,591,35-39,NY,F,A,Foundation,94.40,
2/18/22,55,49,35-39,NY,F,C,Eyeliner,27.52,
2/18/22,56,230,35-39,NY,F,D,Eyeshadow,8.19,
2/18/22,57,411,35-39,NY,F,A,Hair Care,36.59,
2/18/22,58,592,35-39,NY,F,A,Foundation,69.23,
2/19/22,59,50,35-39,NY,F,C,Eyeliner,58.31,
2/19/22,60,231,35-39,NY,F,D,Eyeshadow,75.05,
2/19/22,61,412,35-39,NY,F,A,Hair Care,18.79,
2/19/22,62,593,35-39,NY,F,A,Foundation,58.69,
2/20/22,63,51,35-39,NY,F,C,Eyeliner,22.63,
2/20/22,64,232,35-39,NY,F,D,Eyeshadow,74.85,
2/20/22,65,413,35-39,NY,F,A,Hair Care,66.32,
2/20/22,66,594,35-39,NY,F,A,Foundation,42.19,
2/21/22,67,52,35-39,NY,F,C,Eyeliner,41.65,
2/21/22,68,233,35-39,NY,F,D,Eyeshadow,47.47,
2/21/22,69,414,35-39,NY,F,A,Hair Care,82.60,
2/21/22,1,595,35-39,NY,F,A,Foundation,87.04,
2/22/22,2,53,35-39,NY,F,C,Eyeliner,72.15,
2/22/22,3,234,35-39,NY,F,D,Eyeshadow,66.14,
2/22/22,4,415,35-39,NY,F,A,Hair Care,5.75,
2/22/22,5,596,35-39,NY,F,A,Foundation,24.36,
2/23/22,6,54,35-39,NY,F,C,Eyeliner,74.02,
2/23/22,7,235,35-39,NY,F,D,Eyeshadow,77.43,
2/23/22,8,416,35-39,NY,F,A,Hair Care,80.53,
2/23/22,9,597,35-39,NY,F,A,Nail,78.50,
2/24/22,10,55,35-39,NY,F,C,Eyeliner,23.73,
2/24/22,11,236,35-39,NY,F,D,Eyeshadow,10.86,
2/24/22,12,417,35-39,NY,F,A,Hair Care,50.46,
2/24/22,13,598,35-39,NY,F,A,Nail,93.81,
2/25/22,14,56,35-39,NY,F,C,Eyeliner,14.03,
2/25/22,15,237,35-39,NY,F,D,Eyeshadow,51.62,
2/25/22,16,418,35-39,NY,F,A,Hair Care,34.03,
2/25/22,17,599,35-39,NY,F,A,Nail,93.54,
2/26/22,18,57,35-39,NY,F,C,Eyeliner,64.40,
2/26/22,19,238,35-39,NY,F,D,Eyeshadow,47.14,
2/26/22,20,419,35-39,NY,F,A,Hair Care,99.42,
2/26/22,21,600,35-39,NY,F,A,Nail,99.17,
2/27/22,22,58,35-39,NY,F,C,Eyeliner,60.57,
2/27/22,23,239,35-39,NY,F,D,Eyeshadow,11.71,
2/27/22,24,420,35-39,NY,F,A,Hair Care,15.04,
2/27/22,25,601,35-39,NY,F,A,Nail,7.48,
2/28/22,26,59,35-39,NY,F,C,Eyeliner,69.63,
2/28/22,27,240,35-39,NY,F,D,Eyeshadow,98.81,
2/28/22,28,421,35-39,NY,F,A,Hair Care,45.36,
2/28/22,29,602,35-39,NY,F,A,Nail,92.77,
3/1/22,30,60,35-39,NY,F,C,Eyeliner,5.34,
3/1/22,31,241,35-39,NY,F,D,Eyeshadow,48.96,
3/1/22,32,422,35-39,NY,F,A,Hair Care,58.89,
3/1/22,33,603,35-39,NY,F,A,Nail,81.45,
3/2/22,34,61,35-39,NY,F,C,Eyeliner,88.40,
3/2/22,35,242,35-39,NY,F,D,Eyeshadow,66.21,
3/2/22,36,423,35-39,NY,F,A,Hair Care,80.77,
3/2/22,37,604,35-39,NY,F,A,Nail,0.41,
3/3/22,38,62,35-39,NY,F,C,Eyeliner,6.43,
3/3/22,39,243,35-39,NY,F,D,Eyeshadow,28.79,
3/3/22,40,424,35-39,NY,F,A,Hair Care,11.01,
3/3/22,41,605,35-39,NY,F,A,Nail,2.68,
3/4/22,42,63,35-39,NY,F,C,Eyeliner,68.82,
3/4/22,43,244,35-39,NY,F,D,Eyeshadow,69.53,
3/4/22,44,425,35-39,NY,F,A,Hair Care,45.28,
3/4/22,45,606,35-39,NY,F,A,Nail,74.60,
3/5/22,46,64,35-39,NY,F,C,Eyeliner,86.83,
3/5/22,47,245,35-39,NY,F,D,Eyeshadow,76.55,
3/5/22,48,426,35-39,NY,F,A,Hair Care,79.10,
3/5/22,49,607,35-39,NY,F,A,Nail,64.56,
3/6/22,50,65,35-39,NY,F,C,Eyeliner,17.01,
3/6/22,51,246,35-39,NY,F,D,Eyeshadow,49.57,
3/6/22,52,427,35-39,NY,F,A,Hair Care,7.54,
3/6/22,53,608,35-39,NY,F,A,Nail,95.83,
3/7/22,54,66,35-39,NY,F,C,Eyeliner,72.62,
3/7/22,55,247,35-39,NY,F,D,Eyeshadow,46.91,
3/7/22,56,428,35-39,NY,F,A,Foundation,70.95,
3/7/22,57,609,35-39,NY,F,A,Nail,62.37,
3/8/22,58,67,35-39,NY,F,C,Eyeliner,50.82,
3/8/22,59,248,35-39,NY,F,D,Eyeshadow,92.46,
3/8/22,60,429,35-39,NY,F,A,Foundation,4.24,
3/8/22,61,610,35-39,NY,F,A,Nail,73.85,
3/9/22,62,68,35-39,NY,F,C,Eyeliner,55.76,
3/9/22,63,249,35-39,NY,F,D,Eyeshadow,96.72,
3/9/22,64,430,35-39,NY,F,A,Foundation,58.42,
3/9/22,65,611,35-39,NY,F,A,Nail,17.55,
3/10/22,66,69,35-39,NY,F,C,Bronzer,22.62,
3/10/22,67,250,35-39,NY,F,D,Eyeshadow,43.19,
3/10/22,68,431,35-39,NY,F,A,Foundation,61.43,
3/10/22,69,612,35-39,NY,F,A,Nail,79.75,
3/11/22,1,70,35-39,NY,F,C,Bronzer,4.64,
3/11/22,2,251,35-39,NY,F,D,Eyeshadow,7.92,
3/11/22,3,432,35-39,NY,F,A,Foundation,36.01,
3/11/22,4,613,35-39,NY,F,A,Nail,68.64,
3/12/22,5,71,35-39,NY,F,C,Bronzer,13.23,
3/12/22,6,252,35-39,NY,F,D,Eyeshadow,64.27,
3/12/22,7,433,35-39,NY,F,A,Foundation,50.15,
3/12/22,8,614,35-39,NY,F,A,Nail,29.28,
3/13/22,9,72,35-39,NY,F,C,Bronzer,58.79,
3/13/22,10,253,35-39,NY,F,D,Eyeshadow,28.26,
3/13/22,11,434,35-39,NY,F,A,Foundation,50.10,
3/13/22,12,615,35-39,NY,F,A,Nail,37.58,
3/14/22,13,73,35-39,NY,F,C,Bronzer,28.19,
3/14/22,14,254,35-39,NY,F,D,Eyeshadow,55.27,
3/14/22,15,435,35-39,NY,F,A,Foundation,98.29,
3/14/22,16,616,35-39,NY,F,A,Nail,42.95,
3/15/22,17,74,35-39,NY,F,C,Bronzer,91.58,
3/15/22,18,255,35-39,NY,F,D,Eyeshadow,25.41,
3/15/22,19,436,35-39,NY,F,A,Foundation,37.23,
3/15/22,20,617,35-39,NY,F,A,Nail,61.92,
3/16/22,21,75,35-39,NY,F,C,Bronzer,29.30,
3/16/22,22,256,35-39,NY,F,D,Eyeshadow,66.39,
3/16/22,23,437,35-39,NY,F,A,Foundation,21.09,
3/16/22,24,618,35-39,NY,F,A,Nail,58.06,
3/17/22,25,76,35-39,NY,F,C,Bronzer,31.03,
3/17/22,26,257,35-39,NY,F,D,Eyeshadow,87.75,
3/17/22,27,438,35-39,NY,F,A,Foundation,60.49,
3/17/22,28,619,35-39,NY,F,A,Nail,62.50,
3/18/22,29,77,35-39,NY,F,C,Bronzer,87.13,
3/18/22,30,258,35-39,NY,F,D,Eyeshadow,55.46,
3/18/22,31,439,35-39,NY,F,A,Foundation,7.21,
3/18/22,32,620,35-39,NY,F,A,Nail,82.46,
3/19/22,33,78,35-39,NY,F,C,Bronzer,42.72,
3/19/22,34,259,35-39,NY,F,D,Eyeshadow,88.61,
3/19/22,35,440,35-39,NY,F,A,Foundation,13.11,
3/19/22,36,621,35-39,NY,F,A,Nail,63.62,
3/20/22,37,79,35-39,NY,F,C,Bronzer,84.53,
3/20/22,38,260,35-39,NY,F,D,Eyeshadow,55.21,
3/20/22,39,441,35-39,NY,F,A,Foundation,33.82,
3/20/22,40,622,35-39,NY,F,A,Nail,65.41,
3/21/22,41,80,35-39,NY,F,C,Bronzer,94.29,
3/21/22,42,261,35-39,NY,F,D,Eyeshadow,68.96,
3/21/22,43,442,35-39,NY,F,A,Foundation,72.49,
3/21/22,44,623,35-39,NY,F,A,Nail,46.38,
3/22/22,45,81,35-39,NY,F,C,Bronzer,11.87,
3/22/22,46,262,35-39,NY,F,D,Eyeshadow,0.51,
3/22/22,47,443,35-39,NY,F,A,Foundation,68.59,
3/22/22,48,624,35-39,NY,F,A,Nail,42.69,
3/23/22,49,82,35-39,NY,F,C,Bronzer,92.46,
3/23/22,50,263,35-39,NY,F,D,Eyeshadow,81.85,
3/23/22,51,444,35-39,NY,F,A,Foundation,62.24,
3/23/22,52,625,35-39,NY,F,A,Nail,74.50,
3/24/22,53,83,35-39,NY,F,C,Bronzer,64.75,
3/24/22,54,264,35-39,NY,F,D,Eyeshadow,94.04,
3/24/22,55,445,35-39,NY,F,A,Foundation,36.04,
3/24/22,56,626,35-39,NY,F,A,Nail,63.54,
3/25/22,57,84,35-39,NY,F,C,Bronzer,92.05,
3/25/22,58,265,35-39,NY,F,D,Eyeshadow,84.35,
3/25/22,59,446,35-39,NY,F,A,Foundation,75.12,
3/25/22,60,627,35-39,NY,F,A,Nail,22.78,
3/26/22,61,85,35-39,NY,F,C,Bronzer,75.75,
3/26/22,62,266,35-39,NY,F,D,Eyeshadow,85.58,
3/26/22,63,447,35-39,NY,F,A,Foundation,73.81,
3/26/22,64,628,35-39,NY,F,A,Nail,94.88,
3/27/22,65,86,35-39,NY,F,C,Bronzer,26.53,
3/27/22,66,267,35-39,NY,F,D,Eyeshadow,96.82,
3/27/22,67,448,35-39,NY,F,A,Foundation,45.10,
3/27/22,68,629,35-39,NY,F,A,Nail,51.95,
3/28/22,69,87,35-39,NY,F,C,Bronzer,43.96,
3/28/22,1,268,35-39,NY,F,D,Eyeshadow,82.48,
3/28/22,2,449,35-39,NY,F,A,Foundation,39.01,
3/28/22,3,630,35-39,NY,F,A,Nail,42.15,
3/29/22,4,88,35-39,NY,F,C,Bronzer,98.32,
3/29/22,5,269,35-39,NY,F,D,Eyeshadow,67.27,
3/29/22,6,450,35-39,NY,F,A,Foundation,29.42,
3/29/22,7,631,35-39,NY,F,A,Nail,4.85,
3/30/22,8,89,35-39,NY,F,C,Bronzer,14.90,
3/30/22,9,270,35-39,NY,F,D,Eyeshadow,77.69,
3/30/22,10,451,35-39,NY,F,A,Foundation,71.59,
3/30/22,11,632,35-39,NY,F,A,Nail,9.83,
3/31/22,12,90,35-39,NY,F,C,Bronzer,80.30,
3/31/22,13,271,35-39,NY,F,D,Eyeshadow,96.29,
3/31/22,14,452,35-39,NY,F,A,Foundation,1.98,
3/31/22,15,633,35-39,NY,F,A,Nail,28.24,
4/1/22,16,91,35-39,NY,F,C,Bronzer,83.46,
4/1/22,17,272,35-39,NY,F,D,Eyeshadow,81.83,
4/1/22,18,453,35-39,NY,F,A,Foundation,7.33,
4/1/22,19,634,35-39,NY,F,A,Nail,82.50,
4/2/22,20,92,35-39,NY,F,C,Bronzer,87.44,
4/2/22,21,273,35-39,NY,F,D,Eyeshadow,2.58,
4/2/22,22,454,35-39,NY,F,A,Foundation,93.66,
4/2/22,23,635,35-39,NY,F,A,Nail,48.45,
4/3/22,24,93,35-39,NY,F,C,Bronzer,62.02,
4/3/22,25,274,35-39,NY,F,D,Eyeshadow,61.55,
4/3/22,26,455,35-39,NY,F,A,Foundation,29.17,
4/3/22,27,636,35-39,NY,F,A,Nail,91.78,
4/4/22,28,94,35-39,NY,F,A,Bronzer,53.21,
4/4/22,29,275,35-39,NY,F,D,Eyeshadow,27.75,
4/4/22,30,456,35-39,NY,F,A,Foundation,74.71,
4/4/22,31,637,35-39,NY,F,A,Nail,64.96,
4/5/22,32,95,35-39,NY,F,D,Bronzer,29.00,
4/5/22,33,276,35-39,NY,F,D,Eyeshadow,35.70,
4/5/22,34,457,35-39,NY,F,A,Foundation,83.12,
4/5/22,35,638,35-39,NY,F,A,Nail,5.32,
4/6/22,36,96,35-39,NY,F,D,Bronzer,13.01,
4/6/22,37,277,35-39,NY,F,D,Eyeshadow,28.90,
4/6/22,38,458,35-39,NY,F,A,Foundation,31.00,
4/6/22,39,639,35-39,NY,F,A,Nail,57.53,
4/7/22,40,97,35-39,NY,F,D,Bronzer,62.71,
4/7/22,41,278,35-39,NY,F,D,Eyeshadow,34.43,
4/7/22,42,459,35-39,NY,F,A,Foundation,56.26,
4/7/22,43,640,35-39,NY,F,A,Nail,22.96,
4/8/22,44,98,35-39,NY,F,D,Bronzer,6.35,
4/8/22,45,279,35-39,NY,F,D,Eyeshadow,67.58,
4/8/22,46,460,35-39,NY,F,A,Foundation,25.00,
4/8/22,47,641,35-39,NY,F,A,Nail,82.48,
4/9/22,48,99,35-39,NY,F,D,Bronzer,4.47,
4/9/22,49,280,35-39,NY,F,D,Eyeshadow,19.36,
4/9/22,50,461,35-39,NY,F,A,Foundation,40.92,
4/9/22,51,642,35-39,NY,F,A,Nail,92.87,
4/10/22,52,100,35-39,NY,F,D,Bronzer,88.92,
4/10/22,53,281,35-39,NY,F,D,Eyeshadow,80.07,
4/10/22,54,462,35-39,NY,F,A,Foundation,73.81,
4/10/22,55,643,35-39,NY,F,A,Nail,19.83,
4/11/22,56,101,35-39,NY,F,D,Bronzer,35.45,
4/11/22,57,282,35-39,NY,F,D,Eyeshadow,73.65,
4/11/22,58,463,35-39,NY,F,A,Foundation,79.67,
4/11/22,59,644,35-39,NY,F,A,Nail,71.28,
4/12/22,60,102,35-39,NY,F,D,Bronzer,49.05,
4/12/22,61,283,35-39,NY,F,D,Eyeshadow,23.21,
4/12/22,62,464,35-39,NY,F,A,Foundation,73.57,
4/12/22,63,645,35-39,NY,F,A,Nail,34.66,
4/13/22,64,103,35-39,NY,F,D,Highlighter,88.31,
4/13/22,65,284,35-39,NY,F,D,Eyeshadow,68.55,
4/13/22,66,465,35-39,NY,F,A,Foundation,19.57,
4/13/22,67,646,35-39,NY,F,A,Nail,68.65,
4/14/22,68,104,35-39,NY,F,D,Highlighter,52.54,
4/14/22,69,285,35-39,NY,F,D,Eyeshadow,7.14,
4/14/22,1,466,35-39,NY,F,A,Foundation,12.58,
4/14/22,2,647,35-39,NY,F,A,Nail,40.00,
4/15/22,3,105,35-39,NY,F,D,Highlighter,26.08,
4/15/22,4,286,35-39,NY,F,D,Eyeshadow,0.97,
4/15/22,5,467,35-39,NY,F,A,Foundation,99.69,
4/15/22,6,648,35-39,NY,F,A,Nail,59.95,
4/16/22,7,106,35-39,NY,F,D,Highlighter,16.33,
4/16/22,8,287,35-39,NY,F,D,Eyeshadow,65.28,
4/16/22,9,468,35-39,NY,F,A,Foundation,23.27,
4/16/22,10,649,35-39,NY,F,A,Nail,58.04,
4/17/22,11,107,35-39,NY,F,D,Highlighter,37.34,
4/17/22,12,288,35-39,NY,F,D,Eyeshadow,93.94,
4/17/22,13,469,35-39,NY,F,A,Foundation,18.84,
4/17/22,14,650,35-39,NY,F,A,Nail,90.35,
4/18/22,15,108,35-39,NY,F,D,Highlighter,54.16,
4/18/22,16,289,35-39,NY,F,D,Eyeshadow,73.20,
4/18/22,17,470,35-39,NY,F,A,Foundation,44.96,
4/18/22,18,651,35-39,NY,F,A,Nail,93.88,
4/19/22,19,109,35-39,NY,F,D,Highlighter,33.47,
4/19/22,20,290,35-39,NY,F,D,Eyeshadow,76.48,
4/19/22,21,471,35-39,NY,F,A,Foundation,12.36,
4/19/22,22,652,35-39,NY,F,A,Nail,59.83,
4/20/22,23,110,35-39,NY,F,D,Highlighter,67.51,
4/20/22,24,291,35-39,NY,F,D,Eyeshadow,13.53,
4/20/22,25,472,35-39,NY,F,A,Foundation,65.68,
4/20/22,26,653,35-39,NY,F,A,Nail,22.22,
4/21/22,27,111,35-39,NY,F,D,Highlighter,69.36,
4/21/22,28,292,35-39,NY,F,D,Eyeshadow,8.67,
4/21/22,29,473,35-39,NY,F,A,Foundation,65.24,
4/21/22,30,654,35-39,NY,F,A,Nail,99.77,
4/22/22,31,112,35-39,NY,F,D,Highlighter,65.04,
4/22/22,32,293,35-39,NY,F,D,Eyeshadow,20.55,
4/22/22,33,474,35-39,NY,F,A,Foundation,63.04,
4/22/22,34,655,35-39,NY,F,A,Nail,13.44,
4/23/22,35,113,35-39,NY,F,D,Highlighter,68.07,
4/23/22,36,294,35-39,NY,F,D,Eyeshadow,21.65,
4/23/22,37,475,35-39,NY,F,A,Foundation,57.34,
4/23/22,38,656,35-39,NY,F,A,Nail,32.24,
4/24/22,39,114,35-39,NY,F,D,Highlighter,55.43,
4/24/22,40,295,35-39,NY,F,D,Eyeshadow,54.23,
4/24/22,41,476,35-39,NY,F,A,Foundation,68.00,
4/24/22,42,657,35-39,NY,F,A,Nail,49.52,
4/25/22,43,115,35-39,NY,F,D,Highlighter,44.52,
4/25/22,44,296,35-39,NY,F,D,Eyeshadow,7.03,
4/25/22,45,477,35-39,NY,F,A,Foundation,60.88,
4/25/22,46,658,35-39,NY,F,A,Nail,99.97,
4/26/22,47,116,35-39,NY,F,D,Highlighter,57.05,
4/26/22,48,297,35-39,NY,F,D,Eyeshadow,74.30,
4/26/22,49,478,35-39,NY,F,A,Foundation,19.14,
4/26/22,50,659,35-39,NY,F,A,Nail,1.62,
4/27/22,51,117,35-39,NY,F,D,Highlighter,35.46,
4/27/22,52,298,35-39,NY,F,D,Eyeshadow,95.55,
4/27/22,53,479,35-39,NY,F,A,Foundation,55.00,
4/27/22,54,660,35-39,NY,F,A,Nail,95.69,
4/28/22,55,118,35-39,NY,F,D,Highlighter,96.51,
4/28/22,56,299,35-39,NY,F,D,Eyeshadow,48.42,
4/28/22,57,480,35-39,NY,F,A,Foundation,30.72,
4/28/22,58,661,35-39,NY,F,A,Nail,73.86,
4/29/22,59,119,35-39,NY,F,D,Highlighter,86.78,
4/29/22,60,300,35-39,NY,F,D,Eyeshadow,48.93,
4/29/22,61,481,35-39,NY,F,A,Foundation,0.09,
4/29/22,62,662,35-39,NY,F,A,Nail,52.04,
4/30/22,63,120,35-39,NY,F,D,Highlighter,31.42,
4/30/22,64,301,35-39,NY,F,D,Eyeshadow,37.58,
4/30/22,65,482,35-39,NY,F,A,Foundation,54.44,
4/30/22,66,663,35-39,NY,F,A,Nail,38.18,
5/1/22,67,121,35-39,NY,F,D,Highlighter,68.37,
5/1/22,68,302,35-39,NY,F,D,Eyeshadow,88.91,
5/1/22,69,483,35-39,NY,F,A,Foundation,29.38,
5/1/22,1,664,35-39,NY,F,A,Nail,91.92,
5/2/22,2,122,35-39,NY,F,D,Highlighter,32.69,
5/2/22,3,303,35-39,NY,F,D,Eyeshadow,88.94,
5/2/22,4,484,35-39,NY,F,A,Foundation,82.69,
5/2/22,5,665,35-39,NY,F,A,Nail,49.47,
5/3/22,6,123,35-39,NY,F,D,Highlighter,63.92,
5/3/22,7,304,35-39,NY,F,D,Eyeshadow,34.84,
5/3/22,8,485,35-39,NY,F,A,Foundation,93.35,
5/3/22,9,666,35-39,NY,F,A,Nail,70.77,
5/4/22,10,124,35-39,NY,F,D,Highlighter,68.41,
5/4/22,11,305,35-39,NY,F,D,Eyeshadow,83.52,
5/4/22,12,486,35-39,NY,F,A,Foundation,27.52,
5/4/22,13,667,35-39,NY,F,A,Nail,96.59,
5/5/22,14,125,35-39,NY,F,D,Highlighter,30.37,
5/5/22,15,306,35-39,NY,F,D,Eyeshadow,87.38,
5/5/22,16,487,35-39,NY,F,A,Foundation,10.88,
5/5/22,17,668,35-39,NY,F,A,Nail,34.05,
5/6/22,18,126,35-39,NY,F,D,Highlighter,27.07,
5/6/22,19,307,35-39,NY,F,D,Eyeshadow,97.48,
5/6/22,20,488,35-39,NY,F,A,Foundation,8.28,
5/6/22,21,669,35-39,NY,F,A,Nail,79.75,
5/7/22,22,127,35-39,NY,F,D,Highlighter,83.04,
5/7/22,23,308,35-39,NY,F,A,Eyeshadow,60.61,
5/7/22,24,489,35-39,NY,F,A,Foundation,66.49,
5/7/22,25,670,35-39,NY,F,A,Nail,56.81,
5/8/22,26,128,35-39,NY,F,D,Highlighter,70.53,
5/8/22,27,309,35-39,NY,F,A,Eyeshadow,54.92,
5/8/22,28,490,35-39,NY,F,A,Foundation,80.12,
5/8/22,29,671,35-39,NY,F,A,Nail,71.05,
5/9/22,30,129,35-39,NY,F,D,Highlighter,30.71,
5/9/22,31,310,35-39,NY,F,A,Eyeshadow,85.88,
5/9/22,32,491,35-39,NY,F,A,Foundation,88.39,
5/9/22,33,672,35-39,NY,F,A,Nail,50.03,
5/10/22,34,130,35-39,NY,F,D,Highlighter,46.92,
5/10/22,35,311,35-39,NY,F,A,Eyeshadow,7.94,
5/10/22,36,492,35-39,NY,F,A,Foundation,85.06,
5/10/22,37,673,35-39,NY,F,A,Nail,91.64,
5/11/22,38,131,35-39,NY,F,D,Highlighter,91.97,
5/11/22,39,312,35-39,NY,F,A,Eyeshadow,48.82,
5/11/22,40,493,35-39,NY,F,A,Foundation,32.18,
5/11/22,41,674,35-39,NY,F,A,Nail,59.71,
5/12/22,42,132,35-39,NY,F,D,Highlighter,51.13,
5/12/22,43,313,35-39,NY,F,A,Eyeshadow,40.40,
5/12/22,44,494,35-39,NY,F,A,Foundation,6.57,
5/12/22,45,675,35-39,NY,F,A,Nail,97.38,
5/13/22,46,133,35-39,NY,F,D,Highlighter,18.14,
5/13/22,47,314,35-39,NY,F,A,Eyeshadow,88.86,
5/13/22,48,495,35-39,NY,F,A,Foundation,80.96,
5/13/22,49,676,35-39,NY,F,A,Nail,71.61,
5/14/22,50,134,35-39,NY,F,D,Highlighter,37.19,
5/14/22,51,315,35-39,NY,F,A,Eyeshadow,81.16,
5/14/22,52,496,35-39,NY,F,A,Foundation,38.51,
5/14/22,53,677,35-39,NY,F,A,Nail,29.52,
5/15/22,54,135,35-39,NY,F,D,Highlighter,45.28,
5/15/22,55,316,35-39,NY,F,A,Eyeshadow,54.79,
5/15/22,56,497,35-39,NY,F,A,Foundation,4.92,
5/15/22,57,678,35-39,NY,F,A,Nail,27.50,
5/16/22,58,136,35-39,NY,F,D,Highlighter,84.80,
5/16/22,59,317,35-39,NY,F,A,Eyeshadow,99.07,
5/16/22,60,498,35-39,NY,F,A,Foundation,92.93,
5/16/22,61,679,35-39,NY,F,A,Nail,78.60,
5/17/22,62,137,35-39,NY,F,D,Highlighter,20.32,
5/17/22,63,318,35-39,NY,F,A,Eyeshadow,10.97,
5/17/22,64,499,35-39,NY,F,A,Foundation,6.30,
5/17/22,65,680,35-39,NY,F,A,Nail,82.94,
5/18/22,66,138,35-39,NY,F,D,Highlighter,84.00,
5/18/22,67,319,35-39,NY,F,A,Eyeshadow,12.48,
5/18/22,68,500,35-39,NY,F,A,Foundation,3.09,
5/18/22,69,681,35-39,NY,F,A,Nail,95.50,
5/19/22,1,139,35-39,NY,F,D,Highlighter,18.62,
5/19/22,2,320,35-39,NY,F,A,Eyeshadow,46.83,
5/19/22,3,501,35-39,NY,F,A,Foundation,65.51,
5/19/22,4,682,35-39,NY,F,A,Eyeliner,14.37,
5/20/22,5,140,35-39,NY,F,D,Highlighter,2.38,
5/20/22,6,321,35-39,NY,F,A,Eyeshadow,96.15,
5/20/22,7,502,35-39,NY,F,A,Foundation,81.70,
5/20/22,8,683,35-39,NY,F,A,Eyeliner,31.83,
5/21/22,9,141,35-39,NY,F,D,Highlighter,32.83,
5/21/22,10,322,35-39,NY,F,A,Eyeshadow,88.19,
5/21/22,11,503,35-39,NY,F,A,Foundation,49.42,
5/21/22,12,684,35-39,NY,F,A,Eyeliner,15.01,
5/22/22,13,142,35-39,NY,F,D,Highlighter,88.78,
5/22/22,14,323,35-39,NY,F,A,Eyeshadow,83.24,
5/22/22,15,504,35-39,NY,F,A,Foundation,5.84,
5/22/22,16,685,35-39,NY,F,A,Eyeliner,92.78,
5/23/22,17,143,35-39,NY,F,D,Highlighter,43.87,
5/23/22,18,324,35-39,NY,F,A,Eyeshadow,97.58,
5/23/22,19,505,35-39,NY,F,A,Foundation,86.39,
5/23/22,20,686,35-39,NY,F,A,Eyeliner,61.95,
5/24/22,21,144,35-39,NY,F,D,Highlighter,95.92,
5/24/22,22,325,35-39,NY,F,A,Eyeshadow,79.39,
5/24/22,23,506,35-39,NY,F,A,Foundation,10.55,
5/24/22,24,687,35-39,NY,F,A,Eyeliner,71.58,
5/25/22,25,145,35-39,NY,F,D,Highlighter,57.98,
5/25/22,26,326,35-39,NY,F,A,Eyeshadow,22.29,
5/25/22,27,507,35-39,NY,F,A,Foundation,14.16,
5/25/22,28,688,35-39,NY,F,A,Eyeliner,73.88,
5/26/22,29,146,35-39,NY,F,D,Highlighter,97.76,
5/26/22,30,327,35-39,NY,F,A,Eyeshadow,73.58,
5/26/22,31,508,35-39,NY,F,A,Foundation,11.77,
5/26/22,32,689,35-39,NY,F,A,Eyeliner,2.69,
5/27/22,33,147,35-39,NY,F,D,Highlighter,71.88,
5/27/22,34,328,35-39,NY,F,A,Eyeshadow,74.71,
5/27/22,35,509,35-39,NY,F,A,Foundation,40.37,
5/27/22,36,690,35-39,NY,F,A,Eyeliner,28.05,
5/28/22,37,148,35-39,NY,F,D,Highlighter,86.99,
5/28/22,38,329,35-39,NY,F,A,Eyeshadow,99.54,
5/28/22,39,510,35-39,NY,F,A,Foundation,31.66,
5/28/22,40,691,35-39,NY,F,A,Eyeliner,54.94,
5/29/22,41,149,35-39,NY,F,D,Highlighter,41.02,
5/29/22,42,330,35-39,NY,F,A,Eyeshadow,43.32,
5/29/22,43,511,35-39,NY,F,A,Foundation,26.63,
5/29/22,44,692,35-39,NY,F,A,Eyeliner,16.84,
5/30/22,45,150,35-39,NY,F,D,Highlighter,91.33,
5/30/22,46,331,35-39,NY,F,A,Eyeshadow,9.50,
5/30/22,47,512,35-39,NY,F,A,Foundation,55.33,
5/30/22,48,693,35-39,NY,F,A,Eyeliner,65.21,
5/31/22,49,151,35-39,NY,F,D,Highlighter,4.90,
5/31/22,50,332,35-39,NY,F,A,Eyeshadow,86.12,
5/31/22,51,513,35-39,NY,F,A,Foundation,59.62,
5/31/22,52,694,35-39,NY,F,A,Eyeliner,89.70,
6/1/22,53,152,35-39,NY,F,D,Highlighter,18.81,
6/1/22,54,333,35-39,NY,F,A,Eyeshadow,32.78,
6/1/22,55,514,35-39,NY,F,A,Foundation,83.83,
6/1/22,56,695,35-39,NY,F,A,Eyeliner,44.05,
6/2/22,57,153,35-39,NY,F,D,Highlighter,19.87,
6/2/22,58,334,35-39,NY,F,A,Eyeshadow,52.89,
6/2/22,59,515,35-39,NY,F,A,Foundation,44.33,
6/2/22,60,696,35-39,NY,F,A,Eyeliner,20.46,
6/3/22,61,154,35-39,NY,F,D,Highlighter,26.09,
6/3/22,62,335,35-39,NY,F,A,Eyeshadow,17.95,
6/3/22,63,516,35-39,NY,F,A,Foundation,44.33,
6/3/22,64,697,35-39,NY,F,A,Eyeliner,9.95,
6/4/22,65,155,35-39,NY,F,D,Highlighter,99.65,
6/4/22,66,336,35-39,NY,F,A,Eyeshadow,83.46,
6/4/22,67,517,35-39,NY,F,A,Foundation,57.62,
6/4/22,68,698,35-39,NY,F,A,Eyeliner,20.21,
6/5/22,69,156,35-39,NY,F,D,Highlighter,53.31,
6/5/22,1,337,35-39,NY,F,A,Eyeshadow,0.99,
6/5/22,2,518,35-39,NY,F,A,Foundation,37.12,
6/5/22,3,699,35-39,NY,F,A,Eyeliner,94.42,
6/6/22,4,157,35-39,NY,F,D,Highlighter,63.27,
6/6/22,5,338,35-39,NY,F,A,Eyeshadow,89.49,
6/6/22,6,519,35-39,NY,F,A,Foundation,36.39,
6/6/22,7,700,35-39,NY,F,A,Eyeliner,39.34,
6/7/22,8,158,35-39,NY,F,D,Highlighter,98.92,
6/7/22,9,339,35-39,NY,F,A,Eyeshadow,50.65,
6/7/22,10,520,35-39,NY,F,A,Foundation,36.96,
6/7/22,11,701,35-39,NY,F,A,Eyeliner,90.01,
6/8/22,12,159,35-39,NY,F,D,Highlighter,0.22,
6/8/22,13,340,35-39,NY,F,A,Hair Care,70.65,
6/8/22,14,521,35-39,NY,F,A,Foundation,53.04,
6/8/22,15,702,35-39,NY,F,A,Eyeliner,26.29,
6/9/22,16,160,35-39,NY,F,D,Highlighter,50.13,
6/9/22,17,341,35-39,NY,F,A,Hair Care,62.29,
6/9/22,18,522,35-39,NY,F,A,Foundation,84.67,
6/9/22,19,703,35-39,NY,F,A,Eyeliner,6.87,
6/10/22,20,161,35-39,NY,F,D,Highlighter,17.55,
6/10/22,21,342,35-39,NY,F,A,Hair Care,10.16,
6/10/22,22,523,35-39,NY,F,A,Foundation,70.68,
6/10/22,23,704,35-39,NY,F,A,Eyeliner,81.86,
6/11/22,24,162,35-39,NY,F,D,Highlighter,83.45,
6/11/22,25,343,35-39,NY,F,A,Hair Care,71.79,
6/11/22,26,524,35-39,NY,F,A,Foundation,31.21,
6/11/22,27,705,35-39,NY,F,A,Eyeliner,33.06,
6/12/22,28,163,35-39,NY,F,D,Highlighter,18.15,
6/12/22,29,344,35-39,NY,F,A,Hair Care,25.20,
6/12/22,30,525,35-39,NY,F,A,Foundation,40.47,
6/12/22,31,706,35-39,NY,F,A,Eyeliner,13.18,
6/13/22,32,164,35-39,NY,F,D,Highlighter,32.10,
6/13/22,33,345,35-39,NY,F,A,Hair Care,71.18,
6/13/22,34,526,35-39,NY,F,A,Foundation,71.06,
6/13/22,35,707,35-39,NY,F,A,Eyeliner,91.79,
6/14/22,36,165,35-39,NY,F,D,Highlighter,14.70,
6/14/22,37,346,35-39,NY,F,A,Hair Care,23.69,
6/14/22,38,527,35-39,NY,F,A,Foundation,18.49,
6/14/22,39,708,35-39,NY,F,A,Eyeliner,89.85,
6/15/22,40,166,35-39,NY,F,D,Highlighter,39.84,
6/15/22,41,347,35-39,NY,F,A,Hair Care,75.86,
6/15/22,42,528,35-39,NY,F,A,Foundation,84.55,
6/15/22,43,709,35-39,NY,F,A,Eyeliner,67.50,
6/16/22,44,167,35-39,NY,F,D,Highlighter,38.43,
6/16/22,45,348,35-39,NY,F,A,Hair Care,46.06,
6/16/22,46,529,35-39,NY,F,A,Foundation,80.30,
6/16/22,47,710,35-39,NY,F,A,Eyeliner,89.87,
6/17/22,48,168,35-39,NY,F,D,Highlighter,32.55,
6/17/22,49,349,35-39,NY,F,A,Hair Care,61.96,
6/17/22,50,530,35-39,NY,F,A,Foundation,54.79,
6/17/22,51,711,35-39,NY,F,A,Eyeliner,45.54,
6/18/22,52,169,35-39,NY,F,D,Highlighter,48.85,
6/18/22,53,350,35-39,NY,F,A,Hair Care,52.88,
6/18/22,54,531,35-39,NY,F,A,Foundation,32.32,
6/18/22,55,712,35-39,NY,F,A,Eyeliner,29.19,
6/19/22,56,170,35-39,NY,F,D,Highlighter,9.25,
6/19/22,57,351,35-39,NY,F,A,Hair Care,12.86,
6/19/22,58,532,35-39,NY,F,A,Foundation,68.79,
6/19/22,59,713,35-39,NY,F,A,Eyeliner,2.79,
6/20/22,60,171,35-39,NY,F,D,Highlighter,71.59,
6/20/22,61,352,35-39,NY,F,A,Hair Care,73.80,
6/20/22,62,533,35-39,NY,F,A,Foundation,79.05,
6/20/22,63,714,35-39,NY,F,A,Eyeliner,12.02,
6/21/22,64,172,35-39,NY,F,D,Highlighter,72.92,
6/21/22,65,353,35-39,NY,F,A,Hair Care,90.57,
6/21/22,66,534,35-39,NY,F,A,Foundation,26.52,
6/21/22,67,715,35-39,NY,F,A,Eyeliner,54.03,
6/22/22,68,173,35-39,NY,F,D,Highlighter,86.00,
6/22/22,69,354,35-39,NY,F,A,Hair Care,8.58,
6/22/22,1,535,35-39,NY,F,A,Foundation,27.00,
6/22/22,2,716,35-39,NY,F,A,Eyeliner,79.79,
6/23/22,3,174,35-39,NY,F,D,Highlighter,53.64,
6/23/22,4,355,35-39,NY,F,A,Hair Care,21.78,
6/23/22,5,536,35-39,NY,F,A,Foundation,64.66,
6/23/22,6,717,35-39,NY,F,A,Eyeliner,61.92,
6/24/22,7,175,35-39,NY,F,D,Highlighter,73.23,
6/24/22,8,356,35-39,NY,F,A,Hair Care,57.41,
6/24/22,9,537,35-39,NY,F,A,Foundation,16.88,
6/24/22,10,718,35-39,NY,F,A,Eyeliner,1.68,
6/25/22,11,176,35-39,NY,F,D,Highlighter,37.88,
6/25/22,12,357,35-39,NY,F,A,Hair Care,28.05,
6/25/22,13,538,35-39,NY,F,A,Foundation,49.30,
6/25/22,14,719,35-39,NY,F,A,Eyeliner,22.77,
6/26/22,15,177,35-39,NY,F,D,Highlighter,10.83,
6/26/22,16,358,35-39,NY,F,A,Hair Care,21.77,
6/26/22,17,539,35-39,NY,F,A,Foundation,51.85,
6/26/22,18,720,35-39,NY,F,A,Eyeliner,25.05,
6/27/22,19,178,35-39,NY,F,D,Highlighter,78.55,
6/27/22,20,359,35-39,NY,F,A,Hair Care,50.90,
6/27/22,21,540,35-39,NY,F,A,Foundation,88.30,
6/27/22,22,721,35-39,NY,F,A,Eyeliner,71.95,
6/28/22,23,179,35-39,NY,F,D,Highlighter,68.63,
6/28/22,24,360,35-39,NY,F,A,Hair Care,3.34,
6/28/22,25,541,35-39,NY,F,A,Foundation,99.96,
6/28/22,26,722,35-39,NY,F,A,Eyeliner,72.41,
6/29/22,27,180,35-39,NY,F,D,Highlighter,22.79,
6/29/22,28,361,35-39,NY,F,A,Hair Care,33.92,
6/29/22,29,542,35-39,NY,F,A,Foundation,56.10,
6/29/22,30,723,35-39,NY,F,A,Eyeliner,94.27,
6/30/22,31,181,35-39,NY,F,D,Highlighter,42.40,
6/30/22,32,362,35-39,NY,F,A,Hair Care,89.15,
6/30/22,33,543,35-39,NY,F,A,Foundation,65.11,
6/30/22,34,724,35-39,NY,F,A,Eyeliner,17.47,
7/1/22,35,514,35-39,NY,F,A,Foundation,75.18,
7/2/22,36,695,35-39,NY,F,A,Eyeliner,81.34,
7/3/22,37,153,35-39,NY,F,D,Highlighter,94.71,
7/4/22,38,334,35-39,NY,F,A,Eyeshadow,65.42,
7/5/22,39,515,35-39,NY,F,A,Foundation,32.56,
7/6/22,40,696,35-39,NY,F,A,Eyeliner,84.41,
7/7/22,41,154,35-39,NY,F,D,Highlighter,94.56,
7/8/22,42,335,35-39,NY,F,A,Eyeshadow,97.36,
7/9/22,43,516,35-39,NY,F,A,Foundation,92.90,
7/10/22,44,697,35-39,NY,F,A,Eyeliner,96.95,
7/11/22,45,155,35-39,NY,F,D,Highlighter,45.84,
7/12/22,46,336,35-39,NY,F,A,Eyeshadow,23.94,
7/13/22,47,517,35-39,NY,F,A,Foundation,5.64,
7/14/22,48,698,35-39,NY,F,A,Eyeliner,67.40,
7/15/22,49,156,35-39,NY,F,D,Highlighter,81.24,
7/16/22,50,337,35-39,NY,F,A,Eyeshadow,94.26,
7/17/22,51,518,35-39,NY,F,A,Foundation,14.85,
7/18/22,52,699,35-39,NY,F,A,Eyeliner,30.65,
7/19/22,53,157,35-39,NY,F,D,Highlighter,85.68,
7/20/22,54,338,35-39,NY,F,A,Eyeshadow,24.48,
7/21/22,55,519,35-39,NY,F,A,Foundation,7.98,
7/22/22,56,700,35-39,NY,F,A,Eyeliner,84.99,
7/23/22,57,158,35-39,NY,F,D,Highlighter,59.01,
7/24/22,58,339,35-39,NY,F,A,Eyeshadow,50.52,
7/25/22,59,520,35-39,NY,F,A,Foundation,11.45,
7/26/22,60,701,35-39,NY,F,A,Eyeliner,26.57,
7/27/22,61,159,35-39,NY,F,D,Highlighter,82.67,
7/28/22,62,340,35-39,NY,F,A,Hair Care,33.51,
7/29/22,63,521,35-39,NY,F,A,Foundation,17.05,
7/30/22,64,702,35-39,NY,F,A,Eyeliner,6.34,
7/31/22,65,160,35-39,NY,F,D,Highlighter,91.69,
8/1/22,66,341,35-39,NY,F,A,Hair Care,72.64,
8/2/22,67,522,35-39,NY,F,A,Foundation,22.59,
8/3/22,68,703,35-39,NY,F,A,Eyeliner,51.45,
8/4/22,69,161,35-39,NY,F,D,Highlighter,92.53,
8/5/22,1,342,35-39,NY,F,A,Hair Care,37.86,
8/6/22,2,523,35-39,NY,F,A,Foundation,51.27,
8/7/22,3,704,35-39,NY,F,A,Eyeliner,0.10,
8/8/22,4,162,35-39,NY,F,D,Highlighter,89.08,
8/9/22,5,343,35-39,NY,F,A,Hair Care,61.36,
8/10/22,6,524,35-39,NY,F,A,Foundation,21.29,
8/11/22,7,705,35-39,NY,F,A,Eyeliner,44.57,
8/12/22,8,163,35-39,NY,F,D,Highlighter,3.48,
8/13/22,9,344,35-39,NY,F,A,Hair Care,82.51,
8/14/22,10,525,35-39,NY,F,A,Foundation,34.11,
8/15/22,11,706,35-39,NY,F,A,Eyeliner,43.94,
8/16/22,12,164,35-39,NY,F,D,Highlighter,27.48,
8/17/22,13,345,35-39,NY,F,A,Hair Care,78.73,
8/18/22,14,526,35-39,NY,F,A,Foundation,7.24,
8/19/22,15,707,35-39,NY,F,A,Eyeliner,13.12,
8/20/22,16,165,35-39,NY,F,D,Highlighter,29.18,
8/21/22,17,346,35-39,NY,F,A,Hair Care,0.78,
8/22/22,18,527,35-39,NY,F,A,Foundation,21.90,
8/23/22,19,708,35-39,NY,F,A,Eyeliner,46.07,
8/24/22,20,166,35-39,NY,F,D,Highlighter,52.06,
8/25/22,21,347,35-39,NY,F,A,Hair Care,30.80,
8/26/22,22,528,35-39,NY,F,A,Foundation,32.97,
8/27/22,23,709,35-39,NY,F,A,Eyeliner,68.10,
8/28/22,24,167,35-39,NY,F,D,Highlighter,47.18,
8/29/22,25,348,35-39,NY,F,A,Hair Care,10.26,
8/30/22,26,529,35-39,NY,F,A,Foundation,34.48,
8/31/22,27,710,35-39,NY,F,A,Eyeliner,84.94,
9/1/22,28,168,35-39,NY,F,D,Highlighter,67.16,
9/2/22,29,349,35-39,NY,F,A,Hair Care,67.31,
9/3/22,30,530,35-39,NY,F,A,Foundation,53.22,
9/4/22,31,711,35-39,NY,F,A,Eyeliner,7.54,
9/5/22,32,169,35-39,NY,F,D,Highlighter,92.63,
9/6/22,33,350,35-39,NY,F,A,Hair Care,63.45,
9/7/22,34,531,35-39,NY,F,A,Foundation,74.49,
9/8/22,35,712,35-39,NY,F,A,Eyeliner,91.66,
9/9/22,36,170,35-39,NY,F,D,Highlighter,49.98,
9/10/22,37,351,35-39,NY,F,A,Hair Care,64.04,
9/11/22,38,532,35-39,NY,F,A,Foundation,28.60,
9/12/22,39,713,35-39,NY,F,A,Eyeliner,61.79,
9/13/22,40,171,35-39,NY,F,D,Highlighter,91.99,
9/14/22,41,352,35-39,NY,F,A,Hair Care,32.31,
9/15/22,42,533,35-39,NY,F,A,Foundation,77.55,
9/16/22,43,714,35-39,NY,F,A,Eyeliner,91.78,
9/17/22,44,172,35-39,NY,F,D,Highlighter,37.95,
9/18/22,45,353,35-39,NY,F,A,Hair Care,92.38,
9/19/22,46,534,35-39,NY,F,A,Foundation,77.91,
9/20/22,47,715,35-39,NY,F,A,Eyeliner,49.82,
9/21/22,48,173,35-39,NY,F,D,Highlighter,60.14,
9/22/22,49,354,35-39,NY,F,A,Hair Care,74.22,
9/23/22,50,535,35-39,NY,F,A,Foundation,33.48,
9/24/22,51,716,35-39,NY,F,A,Eyeliner,17.01,
9/25/22,52,174,35-39,NY,F,D,Highlighter,30.11,
9/26/22,53,355,35-39,NY,F,A,Hair Care,43.02,
9/27/22,54,536,35-39,NY,F,A,Foundation,18.86,
9/28/22,55,717,35-39,NY,F,A,Eyeliner,4.13,
9/29/22,56,175,35-39,NY,F,D,Highlighter,57.13,
9/30/22,57,356,35-39,NY,F,A,Hair Care,95.55,
10/1/22,58,537,35-39,NY,F,A,Foundation,93.04,
10/2/22,59,718,35-39,NY,F,A,Eyeliner,5.59,
10/3/22,60,176,35-39,NY,F,D,Highlighter,17.16,
10/4/22,61,357,35-39,NY,F,A,Hair Care,1.94,
10/5/22,62,538,35-39,NY,F,A,Foundation,14.81,
10/6/22,63,719,35-39,NY,F,A,Eyeliner,38.53,
10/7/22,64,177,35-39,NY,F,D,Highlighter,69.46,
10/8/22,65,358,35-39,NY,F,A,Hair Care,66.64,
10/9/22,66,539,35-39,NY,F,A,Foundation,2.03,
10/10/22,67,720,35-39,NY,F,A,Eyeliner,17.84,
10/11/22,68,178,35-39,NY,F,D,Highlighter,86.87,
10/12/22,69,359,35-39,NY,F,A,Hair Care,37.56,
10/13/22,1,540,35-39,NY,F,A,Foundation,87.47,
10/14/22,2,721,35-39,NY,F,A,Eyeliner,5.48,
10/15/22,3,179,35-39,NY,F,D,Highlighter,48.53,
10/16/22,4,360,35-39,NY,F,A,Hair Care,45.76,
10/17/22,5,541,35-39,NY,F,A,Foundation,45.35,
10/18/22,6,722,35-39,NY,F,A,Eyeliner,82.73,
10/19/22,7,180,35-39,NY,F,D,Highlighter,65.88,
10/20/22,8,361,35-39,NY,F,A,Hair Care,38.88,
10/21/22,9,542,35-39,NY,F,A,Foundation,82.78,
10/22/22,10,723,35-39,NY,F,A,Eyeliner,97.83,
10/23/22,11,181,35-39,NY,F,D,Highlighter,88.19,
10/24/22,12,362,35-39,NY,F,A,Hair Care,21.63,
10/25/22,13,543,35-39,NY,F,A,Foundation,86.27,
10/26/22,14,724,35-39,NY,F,A,Eyeliner,39.55,
10/27/22,15,514,35-39,NY,F,A,Foundation,90.91,
10/28/22,16,695,35-39,NY,F,A,Eyeliner,65.97,
10/29/22,17,153,35-39,NY,F,D,Highlighter,35.95,
10/30/22,18,334,35-39,NY,F,A,Eyeshadow,47.53,
10/31/22,19,515,35-39,NY,F,A,Foundation,98.69,
11/1/22,20,696,35-39,NY,F,A,Eyeliner,83.65,
11/2/22,21,154,35-39,NY,F,D,Highlighter,52.11,
11/3/22,22,335,35-39,NY,F,A,Eyeshadow,68.42,
11/4/22,23,516,35-39,NY,F,A,Foundation,66.46,
11/5/22,24,697,35-39,NY,F,A,Eyeliner,86.17,
11/6/22,25,155,35-39,NY,F,D,Highlighter,87.97,
11/7/22,26,336,35-39,NY,F,A,Eyeshadow,51.81,
11/8/22,27,517,35-39,NY,F,A,Foundation,77.29,
11/9/22,28,698,35-39,NY,F,A,Eyeliner,46.57,
11/10/22,29,156,35-39,NY,F,D,Highlighter,43.70,
11/11/22,30,337,35-39,NY,F,A,Eyeshadow,77.72,
11/12/22,31,518,35-39,NY,F,A,Foundation,79.20,
11/13/22,32,699,35-39,NY,F,A,Eyeliner,54.69,
11/14/22,33,157,35-39,NY,F,D,Highlighter,93.06,
11/15/22,34,338,35-39,NY,F,A,Eyeshadow,93.11,
11/16/22,35,519,35-39,NY,F,A,Foundation,80.09,
11/17/22,36,700,35-39,NY,F,A,Eyeliner,88.52,
11/18/22,37,158,35-39,NY,F,D,Highlighter,82.12,
11/19/22,38,339,35-39,NY,F,A,Eyeshadow,77.27,
11/20/22,39,520,35-39,NY,F,A,Foundation,70.33,
11/21/22,40,701,35-39,NY,F,A,Eyeliner,63.75,
11/22/22,41,159,35-39,NY,F,D,Highlighter,12.68,
11/23/22,42,340,35-39,NY,F,A,Hair Care,35.18,
11/24/22,43,521,35-39,NY,F,A,Foundation,5.89,
11/25/22,44,702,35-39,NY,F,A,Eyeliner,55.50,
11/26/22,45,160,35-39,NY,F,D,Highlighter,61.99,
11/27/22,46,341,35-39,NY,F,A,Hair Care,69.47,
11/28/22,47,522,35-39,NY,F,A,Foundation,21.68,
11/29/22,48,703,35-39,NY,F,A,Eyeliner,8.71,
11/30/22,49,161,35-39,NY,F,D,Highlighter,11.05,
12/1/22,50,342,35-39,NY,F,A,Hair Care,65.32,
12/2/22,51,523,35-39,NY,F,A,Foundation,71.30,
12/3/22,52,704,35-39,NY,F,A,Eyeliner,97.40,
12/4/22,53,162,35-39,NY,F,D,Highlighter,79.67,
12/5/22,54,343,35-39,NY,F,A,Hair Care,48.98,
12/6/22,55,524,35-39,NY,F,A,Foundation,4.87,
12/7/22,56,705,35-39,NY,F,A,Eyeliner,87.50,
12/8/22,57,163,35-39,NY,F,D,Highlighter,15.65,
12/9/22,58,344,35-39,NY,F,A,Hair Care,52.23,
12/10/22,59,525,35-39,NY,F,A,Foundation,36.88,
12/11/22,60,706,35-39,NY,F,A,Eyeliner,4.26,
12/12/22,61,164,35-39,NY,F,D,Highlighter,9.73,
12/13/22,62,345,35-39,NY,F,A,Hair Care,67.62,
12/14/22,63,526,35-39,NY,F,A,Foundation,42.06,
12/15/22,64,707,35-39,NY,F,A,Eyeliner,39.06,
12/16/22,65,165,35-39,NY,F,D,Highlighter,31.60,
12/17/22,66,346,35-39,NY,F,A,Hair Care,59.73,
12/18/22,67,527,35-39,NY,F,A,Foundation,89.61,
12/19/22,68,708,35-39,NY,F,A,Eyeliner,52.90,
12/20/22,69,166,35-39,NY,F,D,Highlighter,13.66,
12/21/22,1,347,35-39,NY,F,A,Hair Care,72.00,
12/22/22,2,528,35-39,NY,F,A,Foundation,44.74,
12/23/22,3,709,35-39,NY,F,A,Eyeliner,21.31,
12/24/22,4,167,35-39,NY,F,D,Highlighter,74.94,
12/25/22,5,348,35-39,NY,F,A,Hair Care,31.36,
12/26/22,6,529,35-39,NY,F,A,Foundation,70.03,
12/27/22,7,710,35-39,NY,F,A,Eyeliner,8.35,
12/28/22,8,168,35-39,NY,F,D,Highlighter,39.81,
12/29/22,9,349,35-39,NY,F,A,Hair Care,8.38,
12/30/22,10,530,35-39,NY,F,A,Foundation,80.31,
12/31/22,11,711,35-39,NY,F,A,Eyeliner,25.98,